@article{tumsen12,
    author = {Schmitt, M. and Hughes, L. H. and Zhu, X. X.},
    title = {THE SEN1-2 DATASET FOR DEEP LEARNING IN SAR-OPTICAL DATA FUSION},
    journal = {ISPRS Annals of the Photogrammetry, Remote Sensing and Spatial Information Sciences},
    volume = {IV-1},
    year = {2018},
    pages = {141--146},
    url = {https://isprs-annals.copernicus.org/articles/IV-1/141/2018/},
    doi = {10.5194/isprs-annals-IV-1-141-2018}
}

@article{Zhang2023,
    author={Zhang, Jiawei
    and Liu, Zhen
    and Jiang, Weidong
    and Liu, Yongxiang
    and Zhou, Xiaolin
    and Li, Xiang},
    title={Application of deep generative networks for SAR/ISAR: a review},
    journal={Artificial Intelligence Review},
    year={2023},
    month={Oct},
    day={01},
    volume={56},
    number={10},
    pages={11905-11983},
    issn={1573-7462},
    doi={10.1007/s10462-023-10469-5},
    url={https://doi.org/10.1007/s10462-023-10469-5}
}